@online{getdummies,
    title = "Get Dummies.",
    url  = "https://pandas.pydata.org/pandas-docs/stable/reference/api/pandas.get_dummies.html",
    keywords = "one-hot"
}

@online{skew,
    title = "Skewed data.",
    url  = "https://pandas.pydata.org/pandas-docs/stable/reference/api/pandas.DataFrame.skew.html",
    keywords = "skew"
}

@online{rfc,
    title = "Random Forest Classifier.",
    url  = "https://scikit-learn.org/stable/modules/generated/sklearn.ensemble.RandomForestClassifier.html",
    keywords = "random"
}

@online{xgboost,
    title = "XGBoost.",
    url  = "https://scikit-learn.org/stable/modules/generated/sklearn.ensemble.RandomForestClassifier.html",
    keywords = "xgboost"
}

@online{xgboost-tuning,
    title = "XGBoost tuning.",
    url  = "https://xgboost.readthedocs.io/en/latest/parameter.html",
    keywords = "tuning"
}

@online{random-grid,
    title = "Randomized Grid Search.",
    url  = "https://scikit-learn.org/stable/auto_examples/model_selection/plot_randomized_search.html",
    keywords = "grid"
}

@online{catboost,
    title = "Catboost.",
    url  = "https://catboost.ai/",
    keywords = "catboost"
}

@online{catboost-onehot,
    title = "Catboost One Hot.",
    url  = "https://catboost.ai/docs/features/categorical-features.html",
    keywords = "catboost, one-hot"
}

@online{catboost-overfit,
    title = "Catboost Overfit.",
    url  = "https://catboost.ai/docs/concepts/overfitting-detector.html",
    keywords = "catboost, overfit"
}

@online{keras-dense,
    title = "Keras dense.",
    url  = "https://keras.io/api/layers/core_layers/dense/",
    keywords = "keras,dense"
}

@online{keras-sequential,
    title = "Keras Sequential",
    url  = "https://keras.io/guides/sequential_model/",
    keywords = "keras,sequential"
}

@online{softmax,
    title = "Softmax",
    url  = "https://developers.google.com/machine-learning/crash-course/multi-class-neural-networks/softmax",
    keywords = "keras,softmax"
}

@online{nodes-hidden,
    title = "Nodes hidden layers",
    url  = "https://stats.stackexchange.com/questions/181/how-to-choose-the-number-of-hidden-layers-and-nodes-in-a-feedforward-neural-netw",
    keywords = "keras,nodes,hidden"
}







